<record><leader>00000cas a22000007a 4500</leader><controlfield tag="001">9157453</controlfield><controlfield tag="008">830124d18401843mauwr ne      0    0eng  </controlfield><controlfield tag="009">466</controlfield><datafield ind1=" " ind2=" " tag="010"><subfield code="a">sn 83009600 </subfield></datafield><datafield ind1=" " ind2=" " tag="040"><subfield code="a">DLC</subfield><subfield code="b">eng</subfield><subfield code="c">DLC</subfield><subfield code="d">NPX</subfield><subfield code="d">DLC</subfield><subfield code="d">MGN</subfield></datafield><datafield ind1="1" ind2=" " tag="029"><subfield code="a">AU@</subfield><subfield code="b">000025819522</subfield></datafield><datafield ind1=" " ind2=" " tag="042"><subfield code="a">msc</subfield></datafield><datafield ind1=" " ind2=" " tag="043"><subfield code="a">n-us-ma</subfield></datafield><datafield ind1="0" ind2="0" tag="050"><subfield code="a">Newspaper 8160-X</subfield></datafield><datafield ind1="0" ind2=" " tag="130"><subfield code="a">Islander (Nantucket, Mass. : 1840)</subfield></datafield><datafield ind1="0" ind2="4" tag="245"><subfield code="a">The Islander.</subfield></datafield><datafield ind1=" " ind2=" " tag="260"><subfield code="a">[Nantucket, Mass. :</subfield><subfield code="b">Charles C. Hazewell],</subfield><subfield code="c"> 1840-1843.</subfield></datafield><datafield ind1=" " ind2=" " tag="300"><subfield code="a">v. ;</subfield><subfield code="c">59-68 cm.</subfield></datafield><datafield ind1=" " ind2=" " tag="310"><subfield code="a">Weekly</subfield></datafield><datafield ind1="0" ind2=" " tag="362"><subfield code="a">Vol. 1, no. 1 (Mar. 10, 1840)-v. 3, no. 52 (Mar. 18, 1843).</subfield></datafield><datafield ind1=" " ind2=" " tag="500"><subfield code="a">Democratic.</subfield></datafield><datafield ind1=" " ind2=" " tag="500"><subfield code="a">Printers: George G. Baily, &lt;1840-1841&gt;; Woodbury Bradford, &lt;1842&gt;; C.C. Hazewell, 1842-1843.</subfield></datafield><datafield ind1=" " ind2=" " tag="500"><subfield code="a">Printed on Saturday.</subfield></datafield><datafield ind1=" " ind2=" " tag="500"><subfield code="a">Editor: C.C. Hazewell, 1840-1843.</subfield></datafield><datafield ind1="1" ind2=" " tag="700"><subfield code="a">Hazewell, Charles C.</subfield></datafield><datafield ind1=" " ind2=" " tag="752"><subfield code="a">United States</subfield><subfield code="b">Massachusetts</subfield><subfield code="c">Nantucket</subfield><subfield code="d">Nantucket.</subfield></datafield><datafield ind1="0" ind2="0" tag="785"><subfield code="t">Weekly telegraph (Nantucket, Mass.)</subfield><subfield code="w">(DLC)sn 83020593</subfield></datafield></record>